@article{ApostolouEpigeneticReprogramingMyalgic2024,
  title = {Epigenetic Reprograming in Myalgic Encephalomyelitis/Chronic Fatigue Syndrome: {{A}} Narrative of Latent Viruses},
  author = {Apostolou, Eirini and Ros\'en, Anders},
  journal = {Journal of Internal Medicine},
  volume = {296},
  number = {1},
  pages = {93--115},
  date = {2024-07}
}

@article{balnisPersistentBloodDNA2022,
  title = {Persistent Blood {{DNA}} Methylation Changes One Year after {{SARS-CoV-2}} Infection},
  author = {Balnis, Joseph and Madrid, Andy and Hogan, Kirk J. et al.},
  journal = {Clinical Epigenetics},
  volume = {14},
  number = {1},
  pages = {94},
  date = {2022-07-23}
}

@article{bejaouiEpigeneticAgeAcceleration2023,
  title = {Epigenetic Age Acceleration in Surviving versus Deceased {{COVID-19}} Patients with {{ARDS}}},
  author = {Bejaoui, Y. and Amanullah, F.H. and Saad, M. et al.},
  journal = {Clinical Epigenetics},
  volume = {15},
  number = {1},
  pages = {186},
  date = {2023-11-28}
}

@article{rauschertMachineLearningClinical2020a,
  title = {Machine Learning and Clinical Epigenetics: A Review of Challenges for Diagnosis and Classification},
  author = {Rauschert, S. and Raubenheimer, K. and Melton, P.E. et al.},
  journal = {Clinical Epigenetics},
  volume = {12},
  pages = {51},
  date = {2020-04-03}
}

@article{apostolouEpigeneticReprogramingMyalgic2024,
  title = {Epigenetic Reprogramming in Myalgic Encephalomyelitis/Chronic Fatigue Syndrome (ME/CFS)},
  author = {Apostolou, E and Ros\'en, A.},
  journal = {Journal of Internal Medicine},
  volume = {296},
  pages = {93--115},
  date = {2024}
}

@article{helliwellChangesDNAMethylation2020a,
  title = {Changes in {{DNA}} Methylation Profiles of {{Myalgic Encephalomyelitis}}/Chronic Fatigue Syndrome Patients Reflect Systemic Dysfunctions},
  author = {Helliwell, A.M. and Sweetman, E. and Stockwell, P.A. et al.},
  journal = {Clinical Epigenetics},
  volume = {12},
  pages = {167},
  date = {2020-11-04}
}

@article{xiaoDNAMethylationLong2024c,
  title = {{{DNA}} Methylation in Long {{COVID}}},
  author = {Xiao, Y. and Vermund, S.},
  journal = {Frontiers in Virology},
  volume = {4},
  pages = {1371683},
  date = {2024-03-06}
}

@article{calzariEpigeneticPatternsAccelerated2024a,
  title = {Epigenetic Patterns, Accelerated Biological Aging, and Enhanced Epigenetic Drift Detected 6 Months Following {{COVID-19}} Infection},
  author = {Calzari, L. and Dragani, D.F. and Zanotti, L. et al.},
  journal = {Clinical Epigenetics},
  volume = {16},
  number = {1},
  pages = {112},
  date = {2024-08-20}
}

@article{davisLongCOVIDMajor2023,
  title = {Long {{COVID}}: Major Findings, Mechanisms, and Recommendations},
  author = {Davis, H.E. and McCorkell, L. and Vogel, J.M. et al.},
  journal = {Nature Reviews Microbiology},
  volume = {21},
  number = {3},
  pages = {133--146},
  date = {2023-03}
}

@article{nikesjoDefiningPostacuteCOVID192022,
  title = {Defining Post-Acute {{COVID-19}} Syndrome ({{PACS}}) by an Epigenetic Biosignature},
  author = {Nikesj\"o, F. and Sayyab, S. and Karlsson, L. et al.},
  journal = {Clinical Epigenetics},
  volume = {14},
  number = {1},
  pages = {172},
  date = {2022-12-14}
}

@article{liuEvaluationProcessingMethods2016,
  title = {An Evaluation of Processing Methods for {{HumanMethylation450 BeadChip}} Data},
  author = {Liu, J. and Siegmund, K.D.},
  journal = {BMC Genomics},
  volume = {17},
  pages = {469},
  date = {2016-06-22}
}

